<record><leader>00000cas a22000007a 4500</leader><controlfield tag="001">7454324</controlfield><controlfield tag="008">810528d19701980inuwr ne      0    0eng d</controlfield><datafield ind1=" " ind2=" " tag="010"><subfield code="a">sn 85047523 </subfield></datafield><datafield ind1=" " ind2=" " tag="040"><subfield code="a">IUL</subfield><subfield code="b">eng</subfield><subfield code="c">IUL</subfield><subfield code="d">NPI</subfield><subfield code="d">OCL</subfield><subfield code="d">NPI</subfield><subfield code="d">OCLCQ</subfield></datafield><datafield ind1=" " ind2=" " tag="042"><subfield code="a">msc</subfield></datafield><datafield ind1="0" ind2=" " tag="130"><subfield code="a">Journal (Rockport, Ind.)</subfield></datafield><datafield ind1="1" ind2="4" tag="245"><subfield code="a">The journal.</subfield></datafield><datafield ind1=" " ind2=" " tag="260"><subfield code="a">Rockport, Ind. :</subfield><subfield code="b">Rockport Journal Pub. Co.,</subfield><subfield code="c">1970-1980.</subfield></datafield><datafield ind1=" " ind2=" " tag="300"><subfield code="a">v.</subfield></datafield><datafield ind1=" " ind2=" " tag="310"><subfield code="a">Weekly</subfield></datafield><datafield ind1="0" ind2=" " tag="362"><subfield code="a">Vol. 97, no. 32 (Apr. 2, 1970)-v. 103, no. 20 (Feb. 28, 1980).</subfield></datafield><datafield ind1=" " ind2=" " tag="752"><subfield code="a">United States</subfield><subfield code="b">Indiana</subfield><subfield code="c">Spencer</subfield><subfield code="d">Rockport.</subfield></datafield><datafield ind1="0" ind2="4" tag="780"><subfield code="t">Rockport journal (Rockport, Ind. : 1889)</subfield><subfield code="w">(DLC)sn 85047522</subfield><subfield code="w">(OCoLC)7453593</subfield></datafield><datafield ind1="0" ind2="4" tag="780"><subfield code="t">North Spencer journal</subfield><subfield code="w">(DLC)sn 90099342</subfield></datafield><datafield ind1="1" ind2="7" tag="785"><subfield code="t">Rockport Democrat (Rockport, Ind. : 1907)</subfield><subfield code="w">(DLC)sn 86058953</subfield></datafield><datafield ind1="1" ind2="7" tag="785"><subfield code="t">Journal &amp; Democrat</subfield><subfield code="w">(DLC)sn 86058954</subfield></datafield></record>